@article{bib:fixed-point,
	author = "Alberto Bernardini and Enrico Bozzo and Federico Fontana and Augusto Sarti",
	title = "Geometric fixed-point solution of nonlinear wave digital filter networks",
	year = "2021"
}